3750 5467
743 421 848 481 43⁰
1789 435 2135 482 macutum

841 573 1220 666 Sculptures
1265 574 1356 644 du
1409 573 1628 645 mit-363
1664 575 1744 645 de
1781 575 2162 666 I'Acropole.
2228 577 2495 644 Γλυπτὰ
2552 590 2667 645 τοῦ
2727 583 3016 668 μουσείου
3071 583 3195 654 τῆς

761 687 1220 783 Ἀκροπόλεως.
1279 691 1545 760 Kurzer
1587 687 2011 785 vorliiuflger
2064 688 2357 787 Katalog
2398 690 2467 760 in
2526 689 3002 788 griechischer
3042 687 3191 760 und

744 803 1256 876 franziisischer
1293 807 1624 901 Sprache.

845 921 957 1012 (D.
997 920 1324 1010 Philios),
1367 924 1656 994 Fouilles
1695 910 2029 994 d’Eleusis
2062 928 2512 996 1882-1887.
2552 926 2682 996 Mit
2712 926 2937 996 einem
2978 923 3193 995 Plane

747 1033 874 1108 dei·
917 1037 1506 1136 Ausgrahungen.

846 1160 926 1225 Δ.
973 1160 1049 1224 Γ.
1113 1160 1652 1253 Καμπούρογλου,
1709 1161 1987 1254 Ἱστορία
2042 1172 2170 1228 τῶν
2230 1160 2607 1237 Ἀθηναίων.
2673 1163 3185 1252 Τουρκοκρατία.

751 1271 1054 1368 Περίοδος
1089 1283 1341 1370 πρώτη.
1396 1279 1451 1358 I,
1505 1276 1870 1358 12Athen.
1930 1279 2139 1349 1889.

847 1391 1186 1460 Ματθαίου
1225 1405 1340 1460 τοῦ
1375 1389 1913 1474 Καντακουζηνοῦ
1951 1397 2131 1488 λόγοι
2168 1390 2282 1462 δύο
2324 1391 2707 1488 ἐκδιδὸμενοι
2735 1399 2855 1465 ὑπὸ
2910 1397 2983 1463 Ἰ.
3021 1397 3193 1462 Σακ-

747 1515 1043 1588 κελίωνος
1079 1512 1252 1602 (Aue
1293 1507 1452 1581 dem
1497 1513 1925 1606 Παρνασσὸς).
1976 1510 2228 1583 Athen·
2283 1513 2495 1585 1888.

845 1633 952 1700 Τὰ,
991 1635 1164 1702 κατὰ
1200 1633 1318 1710 τὴν
1361 1634 1580 1727 ἑορτὴν
1620 1642 1739 1714 τῆς
1797 1629 2491 1729 Πεντεκονταετηρίδος
2544 1647 2659 1704 τοῦ
2712 1635 2996 1702 Ἐθνικοῦ
3044 1633 3195 1699 Πα-

747 1757 1157 1841 νιπιστημίου
1213 1746 1586 1844 ε’κδιδὸμενα
1645 1753 1967 1845 ἐπιμελείᾳ
2028 1755 2104 1820 Γ.
2170 1753 2604 1844 Καραμήτσα.
2673 1749 2923 1821 Athen.
2978 1749 3189 1819 1888.

749 1863 967 1936 Dat-in
1027 1885 1271 1935 ausser
1321 1862 1479 1936 dem
1540 1863 2079 1938 Festherichtu.
2116 1889 2179 1936 a.
2228 1868 2596 1958 Διορθώσεις
2648 1868 2810 1944 τινὲς
2864 1867 2945 1941 εἰς
3012 1863 3191 1954 Εὐρι-

748 1973 936 2048 πίδου
991 1979 1352 2073 Ἰφιγένειαν
1413 1981 1528 2057 τὴν
1589 1983 1647 2049 ἐν
1689 1983 1966 2074 Ταύροις
2022 1982 2141 2050 ὑπὸ
2198 1981 2270 2049 Ἰ.
2322 1975 3196 2070 Πανταζίδου.-Διορθώ-

753 2119 876 2170 σεις
913 2093 996 2171 εἰς
1035 2089 1356 2162 Κλαύδιον
1406 2095 1693 2170 Γαληνὸν
1741 2097 1860 2164 ὑπὸ
1916 2097 1969 2163 Ι.
2022 2090 2455 2174 [Ιανταζίδου.
2482 2088 2914 2187 -Συμῧολὴ
2959 2096 3041 2170 εἰς
3076 2093 3195 2168 τὴν

751 2212 1025 2297 ἱστορίαν
1067 2215 1184 2285 τῆς
1224 2218 1641 2300 μεσαιωνικῆς
1677 2213 1857 2303 ’ἡμῶν
1899 2216 2194 2304 γλώσσης
2234 2212 2354 2279 ὑπὸ
2396 2213 2470 2278 Γ.
2506 2205 3022 2290 Χατζιδαὶκη.-
3046 2213 3201 2302 Περὶ

750 2329 869 2399 τῆς
907 2318 1326 2415 ὃρθογραφίας
1380 2334 1507 2390 τῶν
1566 2325 1738 2393 κατὰ
1778 2320 2199 2416 συνεκδρομὴν
2257 2331 2604 2418 γενομένων
2662 2319 2894 2402 λέξεων
2936 2331 3043 2391 καὶ
3080 2329 3199 2390 τύ-

750 2467 884 2508 πων
931 2437 988 2506 ἐν
1018 2449 1101 2525 τῇ
1130 2439 1481 2530 καθ’ὴμόἰς
1523 2441 1872 2529 Ἑλληνικῇ
1912 2445 2032 2511 ὑπὸ
2074 2445 2149 2509 Γ.
2187 2438 2592 2523 Χατζιδίικη.
2619 2439 3199 2535 —Spicilegium

751 2553 1074 2623 criticum
1118 2552 1186 2621 in
1237 2552 1558 2649 Dionysii
1621 2553 2267 2626 Halicarnassensis
2316 2566 2461 2626 ant.
2512 2558 2715 2626 Rom.
2764 2553 2992 2626 tribus
3048 2553 3200 2648 pri·

755 2671 894 2738 mis
938 2665 1144 2738 libris
1201 2673 1320 2739 ὑπὸ
1361 2673 1490 2740 Σπ.
1536 2675 1748 2748 Baio-n.
1777 2673 1979 2739 -Ot
2016 2671 2457 2764 παλίμψηστοι
2512 2666 2774 2750 κώδικες
2826 2683 2953 2739 τῶν
3012 2675 3199 2764 ἀγιο-

757 2798 1034 2882 ρειτικῶν
1078 2782 1500 2872 βιῧλιοθηκῶν
1560 2791 1678 2858 ὑπὸ
1737 2793 1865 2859 Σπ.
1915 2791 2864 2884 Λάμπρου.-Πλουτάρχεια
2929 2791 3199 2857 ἀπανθί-

757 2929 974 2996 σματα
1017 2901 1074 2968 ἐν
1134 2899 1356 2972 κώδικι
1408 2911 1807 2998 ἁγιορειτικῷ
1847 2915 1964 2985 τῆς
2022 2914 2216 2998 μονῆς
2273 2909 2599 2974 Διονυσίου
2640 2909 2760 2974 ὑπὸ
2822 2909 2951 2973 Σπ.
3002 2906 3201 2996 Λάμ-

755 3043 1067 3110 πρου.-
1097 3015 1181 3083 Ἠ
1223 3019 1580 3110 οἰκονομικὴ
1641 3021 1960 3114 ἐπιστήμη
2020 3021 2183 3114 παρ’
2242 3021 2687 3114 Ἀριστοτέλει,
2744 3021 3051 3088 Πλάτωνι
3094 3026 3205 3086 καὶ

760 3133 1124 3225 Ξενοφῶντι
1189 3135 1307 3200 ὑπὸ
1374 3133 1464 3201 Ν.
1529 3135 1932 3229 Γουνοιρᾶωιη.
1970 3137 2187 3204 -Τὸ
2256 3139 2767 3229 συνταγματικὸν
2846 3143 3206 3227 πολίτευμα

757 3248 936 3340 παρὰ
973 3263 1105 3325 τοῖς
1143 3252 1434 3341 ἀρχαίοις
1472 3251 1592 3316 ὑπὸ
1641 3251 1725 3317 Ν.
1777 3245 2073 3330 Καζσίζη.

859 3367 1032 3431 Διον.
1080 3366 1162 3432 Τ.
1209 3367 1768 3458 Οἱκονομοπούλου
1826 3369 2197 3460 Λεριακόι
2250 3366 2396 3443 ἤτοι
2452 3375 2874 3462 χωρογραφία.
2912 3375 3030 3446 τῆς
3084 3370 3203 3443 νὴ·

762 3510 871 3551 σου
918 3483 1149 3574 Λέρου.
1199 3480 1422 3552 Athon
1481 3483 1686 3554 1888.
1743 3487 1887 3554 Von
1947 3482 2107 3555 dem
2157 3484 2387 3556 inhait
2444 3483 2669 3556 heben
2712 3487 2845 3555 wir·
2898 3483 3013 3554 die
3070 3483 3204 3553 fol-

761 3596 1031 3695 genden
1095 3598 1370 3695 Kapitel
1415 3599 1688 3672 hervor:
1739 3607 2012 3673 Γλῶσσα
2069 3617 2196 3673 τῶν
2256 3607 2524 3696 Λερίων.
2583 3599 2979 3697 Λεξιλόγιον.
3026 3605 3196 3681 Βίος,

761 3716 912 3796 ἤθη,
959 3716 1143 3808 ἔθιμα
1180 3723 1288 3783 καὶ
1323 3721 1563 3809 νόμιμα
1601 3731 1728 3786 τῶν
1769 3721 2039 3809 Λερίων.
2100 3719 2742 3813 Ἀρχαιολογήματα.

872 3829 950 3896 ‘O
1007 3837 1546 3923 κακομοιραμὲνος
1583 3839 1691 3899 καὶ
1729 3841 1971 3925 αἱπερὶ
2026 3835 2278 3924 Μοιρῶν
2326 3827 2510 3911 δόξαι
2564 3835 2743 3926 παρὰ,
2778 3846 2873 3918 τῷ
2939 3833 3206 3924 Αἰγινη-

762 3961 919 4034 τικῷ
956 3955 1097 4033 λαῷ
1137 3949 1257 4016 ὑπὸ
1323 3951 1406 4016 [l.
1466 3949 1902 4042 Ἡρειώτου
1963 3955 2040 4019 Δ.
2088 3955 2168 4019 Φ.
2216 3948 2469 4020 Athen.
2528 3949 2707 4019 1888
2762 3951 3203 4044 (Prograinm

763 4059 888 4132 des
925 4063 1435 4157 Gymnasiums
1480 4063 1546 4132 in
1610 4064 1926 4158 Aegina).
1988 4061 2314 4160 Ausgabe
2380 4062 2569 4132 eines
2614 4059 3207 4132 volkstiimliohen

767 4175 1140 4250 Gedichies
1203 4175 1344 4247 und
1386 4175 1606 4248 daran
1663 4176 2193 4250 anschliessend
2248 4176 2363 4248 die
2422 4182 2879 4248 inter-essante
2931 4179 3213 4248 Samm-

767 4291 942 4387 lung
979 4288 1104 4361 der
1143 4289 1252 4362 bei
1297 4290 1428 4363 den
1490 4292 1821 4392 beutigon
1869 4295 2245 4392 Aegineten
2307 4289 2726 4388 lebendigen
2776 4290 3213 4362 Vorstellun-

765 4430 898 4504 gen
943 4429 1072 4476 von
1117 4404 1249 4477 den
1312 4410 1606 4479 Moiren.
1964 4411 1975 4421 “

866 4637 996 4708 Die
1051 4637 1612 4736 Ausgrabungen
1657 4641 1754 4711 im
1809 4644 2066 4713 lnnern
2123 4640 2247 4712 der
2297 4636 2780 4734 Akropolis
2836 4636 2996 4710 sind
3043 4643 3217 4733 jetzt
